<?xml version="1.0" encoding="UTF-8"?><collection xmlns="http://www.loc.gov/MARC21/slim"><record><leader>00449nam--2200133-i-4500</leader><controlfield tag="001">000020027</controlfield><controlfield tag="002">20161230</controlfield><controlfield tag="005">20161230201033</controlfield><controlfield tag="008">060222s1000------------r-----000-0-eng-d</controlfield><datafield ind1=" " ind2=" " tag="080"><subfield code="a">621.47:541.14</subfield></datafield><datafield ind1=" " ind2=" " tag="245"><subfield code="a">Photochemical conversion and storage of solar energy.third international conference on photochemical conversion and storage of solar energy</subfield></datafield><datafield ind1=" " ind2=" " tag="260"><subfield code="a">New York, Academic Press, 1981. Xi + 444 P</subfield></datafield><datafield ind1=" " ind2=" " tag="700"><subfield code="a">Connolly, John S</subfield></datafield><datafield ind1=" " ind2=" " tag="852"><subfield code="a">70110</subfield></datafield></record></collection>